
  Date     ,Narration                                                                                                                ,Value Dat,Debit Amount       ,Credit Amount      ,Chq/Ref Number   ,Closing Balance
 03/04/25  ,RTGS DR-YESB0000338-SANJAY UBOVEJA-NETBANK, MUM-HDFCR52025040357718134-SALARY                                            ,03/04/25 ,      500000.00     ,           0.00     ,HDFCR52025040357718134 ,     1455378.46  
 11/04/25  ,.IMPS P2P 508521188224#26/03/2025 260325-MIR2610093264284                                                                ,11/04/25 ,           5.90     ,           0.00     ,MIR2610093264284       ,     1455372.56  
 30/04/25  ,NEFT CR-INDB0000006-UPWORK ESCROW INC-SAURABH KHATRI-INDBN52025043002006825                                              ,30/04/25 ,           0.00     ,      142858.79     ,INDBN52025043002006825 ,     1598231.35  
 02/05/25  ,FD THROUGH NET-50301152928498:SAURABH KHATRI                                                                             ,02/05/25 ,      200000.00     ,           0.00     ,NB02102818983007       ,     1398231.35  
 24/05/25  ,RTGS DR-YESB0000338-SANJAY UBOVEJA-NETBANK, MUM-HDFCR52025052474149493-SALARY                                            ,24/05/25 ,      500000.00     ,           0.00     ,HDFCR52025052474149493 ,      898231.35  
 25/05/25  ,RTGS DR-SBIN0004449-MANJU KHERA-NETBANK, MUM-HDFCR52025052574208568-SALARY                                               ,25/05/25 ,      500000.00     ,           0.00     ,HDFCR52025052574208568 ,      398231.35  
 28/05/25  ,NEFT CR-INDB0000006-UPWORK ESCROW INC-SAURABH KHATRI-INDBN52025052805689844                                              ,28/05/25 ,           0.00     ,      166439.54     ,INDBN52025052805689844 ,      564670.89  
 04/06/25  ,JANMAR25 INSTAALERTCHG 6 SMS 040425-MIR2615422744782                                                                     ,04/06/25 ,           1.42     ,           0.00     ,MIR2615422744782       ,      564669.47  
 25/06/25  ,NEFT CR-INDB0000006-UPWORK ESCROW INC-SAURABH KHATRI-INDBN52025062509591592                                              ,25/06/25 ,           0.00     ,      105922.15     ,INDBN52025062509591592 ,      670591.62  
 06/07/25  ,RTGS DR-YESB0000338-SANJAY UBOVEJA-NETBANK, MUM-HDFCR52025070688220957-SALARY                                            ,06/07/25 ,      500000.00     ,           0.00     ,HDFCR52025070688220957 ,      170591.62  
 06/10/25  ,APRJUN25 INSTAALERTCHG 8 SMS 070725-MIR2627839700171                                                                     ,06/10/25 ,           1.89     ,           0.00     ,MIR2627839700171       ,      170589.73  
 03/11/25  ,INT. AUTO_REDEMPTION  50301152928498                                                                                     ,03/11/25 ,           0.00     ,        5872.00     ,3304220251103774       ,      176461.73  
 03/11/25  ,PRIN AND INT AUTO_REDEEM 50301152928498                                                                                  ,03/11/25 ,           0.00     ,      200000.00     ,3304220251103798       ,      376461.73  
 26/11/25  ,NEFT CR-INDB0000006-UPWORK ESCROW INC-SAURABH KHATRI-INDBH26111124867                                                    ,26/11/25 ,           0.00     ,      123019.94     ,INDBH26111124867       ,      499481.67  
 03/12/25  ,IMPS-533725083775-TRAVEL HIVE LIMITED-RATN-XXXXXXXX4553-IMPS0000001620126416                                             ,03/12/25 ,           0.00     ,       54000.00     ,0000533725083775       ,      553481.67  
 31/12/25  ,NEFT CR-INDB0000006-PAYMENT ESCROW INC-SAURABH KHATRI-INDBH31125898548                                                   ,31/12/25 ,           0.00     ,      162513.98     ,INDBH31125898548       ,      715995.65  
 01/01/26  ,IMPS-600126000578-TRAVEL HIVE LIMITED-RATN-XXXXXXXX4553-IMPS0000001663077969                                             ,01/01/26 ,           0.00     ,      200000.00     ,0000600126000578       ,      915995.65  
 02/01/26  ,IMPS-600225006191-AIKLU LTD-RATN-XXXXXXXX4553-IMPS0000001664377335                                                       ,02/01/26 ,           0.00     ,      200000.00     ,0000600225006191       ,     1115995.65  
 06/01/26  ,S0WXLRXZT4PSRJ/RAZPCREDCLUB                                                                                              ,06/01/26 ,      149712.00     ,           0.00     ,0000026622498032       ,      966283.65  
 07/01/26  ,INW 060126I049902102 USD4480.0@88.22                                                                                     ,07/01/26 ,           0.00     ,      395225.60     ,0000070126143373       ,     1361509.25  
 07/01/26  ,060126I049902102 DPO2600798377588 IGST                                                                                   ,07/01/26 ,         445.70     ,           0.00     ,0000070126143380       ,     1361063.55  
 09/01/26  ,IMPS-600927120187-TRAVEL HIVE LIMITED-RATN-XXXXXXXX4553-IMPS0000001676815385                                             ,10/01/26 ,           0.00     ,      100000.00     ,0000600927120187       ,     1461063.55  
 12/01/26  ,UPI-DEEKSHITH MARVEKERE -DEEKI32@YBL-KKBK0000418-557388783663-PAYMENT FROM PHONE                                         ,12/01/26 ,           0.00     ,       25000.00     ,0000557388783663       ,     1486063.55  
 17/01/26  ,UPI-DEEKSHITH MARVEKERE -DEEKI32@AXL-KKBK0000418-978281202798-PAYMENT FROM PHONE                                         ,18/01/26 ,           0.00     ,       75000.00     ,0000978281202798       ,     1561063.55  
 23/01/26  ,FD BOOKED - 50301283950007 : SAURABH KHATRI                                                                              ,23/01/26 ,     1500000.00     ,           0.00     ,4842022026012316415702 ,       61063.55  
 27/01/26  ,IMPS-602726050964-MEDIPOD LIMITED-RATN-XXXXXXXX4553-IMPS0000001702098090                                                 ,27/01/26 ,           0.00     ,      122604.66     ,0000602726050964       ,      183668.21  
 28/01/26  ,NEFT CR-INDB0000006-PAYMENT ESCROW INC-SAURABH KHATRI-INDBH28019715626                                                   ,28/01/26 ,           0.00     ,      112449.40     ,INDBH28019715626       ,      296117.61  
 30/01/26  ,IMPS-603028079605-MEDIPOD LIMITED-RATN-XXXXXXXX4553-IMPS0000001707960607                                                 ,30/01/26 ,           0.00     ,       62920.71     ,0000603028079605       ,      359038.32  
 30/01/26  ,IMPS-603025090443-AIKLU LTD-RATN-XXXXXXXX4553-IMPS0000001707967700                                                       ,30/01/26 ,           0.00     ,       65322.05     ,0000603025090443       ,      424360.37  
